@ONLINE{Geeks,
author={Sandeep,Jain},
title="Bucket sort algorithm",
month = {},
year = {},
howpublished = "\url{http://www.geeksforgeeks.org/bucket-sort-2/}",
url = {http://www.geeksforgeeks.org/bucket-sort-2/}
}
@ONLINE{Tutorial,
author={Henry,Oswald},
title="Latex tutorial",
month = {},
year = {},
howpublished = "\url{https://www.sharelatex.com/}",
url = {https://www.sharelatex.com/}
}
@ONLINE{Bucket,
author={Spiță,Rodica},
title="Bucket Sort",
month = {},
year = {},
howpublished = "\url{http://sortare.freewb.ro/BucketSort}",
url = {http://sortare.freewb.ro/BucketSort}
}
@ONLINE{Git,
author={Scott, Chacon and Ben,Straub},
title="Pro git",
month = {},
year = {},
howpublished = "\url{https://git-scm.com/book/en/v2}",
url = {https://git-scm.com/book/en/v2}
}